<record><leader>00000cas a2200000 a 4500</leader><controlfield tag="001">277530877</controlfield><controlfield tag="006">m     o  d        </controlfield><controlfield tag="007">cr |||||||||||</controlfield><controlfield tag="008">081210d1888189uwauwr nso     0    0eng c</controlfield><datafield ind1=" " ind2=" " tag="010"><subfield code="a">  2009252219</subfield></datafield><datafield ind1=" " ind2=" " tag="040"><subfield code="a">WRJ</subfield><subfield code="b">eng</subfield><subfield code="c">WRJ</subfield><subfield code="d">WRJ</subfield><subfield code="d">WAU</subfield><subfield code="d">OCLCQ</subfield><subfield code="d">OCLCF</subfield></datafield><datafield ind1=" " ind2=" " tag="042"><subfield code="a">pcc</subfield></datafield><datafield ind1=" " ind2=" " tag="043"><subfield code="a">n-us-wa</subfield></datafield><datafield ind1="0" ind2="0" tag="245"><subfield code="a">Lynden pioneer press</subfield><subfield code="h">[electronic resource].</subfield></datafield><datafield ind1=" " ind2=" " tag="260"><subfield code="a">Lynden, Wash. :</subfield><subfield code="b">Lynden Pioneer Press</subfield></datafield><datafield ind1=" " ind2=" " tag="310"><subfield code="a">Weekly</subfield></datafield><datafield ind1="1" ind2=" " tag="362"><subfield code="a">Began in 1888.</subfield></datafield><datafield ind1=" " ind2=" " tag="515"><subfield code="a">Vol. 2, no. 11 (Dec. 26, 1889)- called also no. 63-</subfield></datafield><datafield ind1=" " ind2=" " tag="588"><subfield code="a">Description based on Souvenir ed., published Jan. 28, 1976 of: vol. 1, no. 1 (Oct. 16, 1888); title from masthead.</subfield></datafield><datafield ind1=" " ind2=" " tag="588"><subfield code="a">Latest issue consulted: Vol. 2, no. 27 (June 26, 1890) = whole no. 89.</subfield></datafield><datafield ind1=" " ind2="0" tag="651"><subfield code="a">Lynden (Wash.)</subfield><subfield code="v">Newspapers.</subfield></datafield><datafield ind1=" " ind2="7" tag="655"><subfield code="a">Newspapers.</subfield><subfield code="2">fast</subfield><subfield code="0">(OCoLC)fst01423814</subfield></datafield><datafield ind1=" " ind2="7" tag="651"><subfield code="a">Washington (State)</subfield><subfield code="z">Lynden.</subfield><subfield code="2">fast</subfield><subfield code="0">(OCoLC)fst01218606</subfield></datafield><datafield ind1=" " ind2=" " tag="752"><subfield code="a">United States</subfield><subfield code="b">Washington</subfield><subfield code="c">Whatcom</subfield><subfield code="d">Lynden.</subfield></datafield><datafield ind1="0" ind2="8" tag="776"><subfield code="i">Print version:</subfield><subfield code="t">Lynden pioneer press</subfield><subfield code="w">(DLC)sn 88085692</subfield><subfield code="w">(OCoLC)18161675</subfield></datafield><datafield ind1="4" ind2="0" tag="856"><subfield code="u">http://www.sos.wa.gov/history/newspapers_detail.aspx?t=26</subfield></datafield></record>